<collection xmlns="http://www.loc.gov/MARC21/slim">
<record>
  <leader>01233nam0a22001811i 450 </leader>
  <controlfield tag="001">IT\ICCU\CNCE\053660</controlfield>
  <controlfield tag="005">20080218000000.0</controlfield>
  <datafield tag="012" ind1=" " ind2=" ">
    <subfield code="a">umo- e.o- e.o. EtSi (3) 1595 (R)</subfield>
    <subfield code="2">fei</subfield>
  </datafield>
  <datafield tag="100" ind1=" " ind2=" ">
    <subfield code="a">20021203d1595        0itac0103    ba</subfield>
  </datafield>
  <datafield tag="101" ind1=" " ind2=" ">
    <subfield code="a">LAT</subfield>
  </datafield>
  <datafield tag="102" ind1=" " ind2=" ">
    <subfield code="a">IT</subfield>
  </datafield>
  <datafield tag="200" ind1="1" ind2=" ">
    <subfield code="a">Pro magnifico, excelentissimoq. iur vtr. doct. d. Alphonso Delphinio, cognomine Dosio, in causa Syndicatus Mag. d. Ascanij Rinaldi, alias auditoris, praetorisque Rotae Bonon. facti, iurisq. informationes cum interiectis positionibus D. Dosij, marginalibusque respon. d. Ascanij, alias impress. anno 1594. In quibus materia Syndicatus copiose tractatur. Accessit propositae ab illustribus DD. Syndicis dubit. resolutio, in qua explicatur abunde, an &amp; quando in causarum delegationiubus persona, vel dignitas delegati contemplata censeatur; et si dignitas, quid si delegatus pluribus dignitatibus, &amp; officijs delegationis, tempore fungeretur; &amp; de illarum effectu, Syndicandorumque poenis</subfield>
  </datafield>
  <datafield tag="210" ind1=" " ind2=" ">
    <subfield code="a">Bononiae</subfield>
    <subfield code="c">apud haeredes Ioannis Rossij</subfield>
    <subfield code="d">1595</subfield>
  </datafield>
  <datafield tag="215" ind1=" " ind2=" ">
    <subfield code="a">36 p.</subfield>
    <subfield code="d">fol</subfield>
  </datafield>
  <datafield tag="620" ind1=" " ind2=" ">
    <subfield code="a">IT</subfield>
    <subfield code="d">Bologna</subfield>
  </datafield>
  <datafield tag="712" ind1="0" ind2="0">
    <subfield code="a">Rossi, Giovanni - eredi</subfield>
    <subfield code="3">IT\ICCU\CNCT\000047</subfield>
    <subfield code="4">650</subfield>
  </datafield>
  <datafield tag="801" ind1=" " ind2="3">
    <subfield code="a">IT</subfield>
    <subfield code="b">ICCU</subfield>
    <subfield code="c">20201115</subfield>
  </datafield>
  <datafield tag="899" ind1=" " ind2=" ">
    <subfield code="a">Biblioteca comunale dell&apos;Archiginnasio. Bologna</subfield>
    <subfield code="1">BO0304</subfield>
    <subfield code="2">UBO GA</subfield>
  </datafield>
</record>
</collection>
